@article{EDEN,
  title={EDEN: A high-performance, general-purpose, NeuroML-based neural simulator},
  author={Panagiotou, Sotirios and Sidiropoulos, Harry and Soudris, Dimitrios and Negrello, Mario and Strydis, Christos},
  journal={Frontiers in Neuroinformatics},
  volume={16},
  year={2022},
  publisher={Frontiers Media SA}
}

@article{NeuroGPU,
  title={NeuroGPU: Accelerating multi-compartment, biophysically detailed neuron simulations on GPUs},
  author={Ben-Shalom, Roy and Ladd, Alexander and Artherya, Nikhil S and Cross, Christopher and Kim, Kyung Geun and Sanghevi, Hersh and Korngreen, Alon and Bouchard, Kristofer E and Bender, Kevin J},
  journal={Journal of Neuroscience Methods},
  volume={366},
  pages={109400},
  year={2022},
  publisher={Elsevier}
}

@inproceedings{Carl,
  title={CARLsim 6: An Open Source Library for Large-Scale, Biologically Detailed Spiking Neural Network Simulation},
  author={Niedermeier, Lars and Chen, Kexin and Xing, Jinwei and Das, Anup and Kopsick, Jeffrey and Scott, Eric and Sutton, Nate and Weber, Killian and Dutt, Nikil and Krichmar, Jeffrey L},
  booktitle={2022 International Joint Conference on Neural Networks (IJCNN)},
  pages={1--10},
  year={2022},
  organization={IEEE}
}

@article{Brian,
  title={The brian simulator},
  author={Goodman, Dan FM and Brette, Romain},
  journal={Frontiers in neuroscience},
  pages={26},
  year={2009},
  publisher={Frontiers}
}

@inproceedings{ARB,
  title={Arborâ€”a morphologically-detailed neural network simulation library for contemporary high-performance computing architectures},
  author={Abi Akar, Nora and Cumming, Ben and Karakasis, Vasileios and K{\"u}sters, Anne and Klijn, Wouter and Peyser, Alexander and Yates, Stuart},
  booktitle={2019 27th euromicro international conference on parallel, distributed and network-based processing (PDP)},
  pages={274--282},
  year={2019},
  organization={IEEE}
}

@book{NRN,
  title={The NEURON book},
  author={Carnevale, Nicholas T and Hines, Michael L},
  year={2006},
  publisher={Cambridge University Press}
}

@article{NML2,
  title={LEMS: a language for expressing complex biological models in concise and hierarchical form and its use in underpinning NeuroML 2},
  author={Cannon, Robert C and Gleeson, Padraig and Crook, Sharon and Ganapathy, Gautham and Marin, Boris and Piasini, Eugenio and Silver, R Angus},
  journal={Frontiers in neuroinformatics},
  volume={8},
  pages={79},
  year={2014},
  publisher={Frontiers Media SA}
}

@article{Hay,
  title={Models of neocortical layer 5b pyramidal cells capturing a wide range of dendritic and perisomatic active properties},
  author={Hay, Etay and Hill, Sean and Sch{\"u}rmann, Felix and Markram, Henry and Segev, Idan},
  journal={PLoS computational biology},
  volume={7},
  number={7},
  pages={e1002107},
  year={2011},
  publisher={Public Library of Science San Francisco, USA}
}
