@book{mouse-atlas,
  title={Genome-wide atlas of gene expression in the adult mouse brain},
  author={Lein, E. S. and others},
  publisher={Nature},
  year={2007},
}

@book{arbor,
  author={{Abi Akar}, N. and others},
  booktitle={Euromicro International Conference on Parallel, Distributed and Network-Based Processing},
  title={{Arbor --- A Morphologically-Detailed Neural Network Simulation Library for Contemporary High-Performance Computing Architectures}},
  publisher={IEEE},
  year={2019},
}

@book{allen-v1,
  title={Systematic integration of structural and functional data into multi-scale models of mouse primary visual cortex},
  author={Billeh, Y. N. and others},
  publisher={Neuron},
  year={2020},
}

@book{neuron,
  title={The NEURON book},
  author={Carnevale, N. T. and Hines, M. L.},
  year={2006},
  publisher={Cambridge University Press}
}

@unpublished{my-source,
  title="This Poster",
  url="https://github.com/thorstenhater/bernstein-2020",
  year=2020
}
